@Misc{Wikipedia:Threads,
  OPTkey = 	 {},
  OPTauthor = 	 {},
  title = 	 {\href{http://en.wikipedia.org/wiki/Thread_\%28computer_science\%29}{Wikipedia: Threads}},
  howpublished = {Wikipedia},
  OPTmonth = 	 {},
  OPTyear = 	 {},
  OPTnote = 	 {},
  OPTannote = 	 {}
}

@Misc{Wikipedia:Processes,
  OPTkey = 	 {},
  OPTauthor = 	 {},
  title = 	 {\href{http://en.wikipedia.org/wiki/Process_\%28computing\%29}{Wikipedia: Processes}},
  howpublished = {Wikipedia},
  OPTmonth = 	 {},
  OPTyear = 	 {},
  OPTnote = 	 {},
  OPTannote = 	 {}
}

@Misc{Wikicommons,
  title = 	 {\href{http://commons.wikimedia.org/wiki/Main_Page}{commons.wikimedia.org}},
  howpublished = {Wikicommons},
}

@Misc{OpenClipart,
  title = 	 {\href{openclipart.org}{openclipart.org}},
  howpublished = {OpenClipart library},
}
