
@Manual{gug,
  title = 	 {Gaudi User Guide},
  OPTkey = 	 {},
  OPTauthor = 	 {},
  organization = {LHCb Collaboration},
  OPTaddress = 	 {},
  OPTedition = 	 {},
  OPTmonth = 	 {},
  OPTyear = 	 {},
  note = 	 {\href{http://cern.ch/prof-gaudi}{cern.ch/prof-gaudi}},
  OPTannote = 	 {}
}

@Book{PP,
  author = 	 {Hunt, Andrew and Thomas, David},
  ALTeditor = 	 {},
  title = 	 {The Pragmatic Programmer},
  publisher = 	 {Addison Wesley},
  year = 	 {2000},
  OPTkey = 	 {},
  OPTvolume = 	 {},
  OPTnumber = 	 {},
  OPTseries = 	 {},
  OPTaddress = 	 {},
  OPTedition = 	 {},
  OPTmonth = 	 {},
  note = 	 {\href{http://www.pragmaticprogrammer.com}{pragmaticprogrammer.com}},
  OPTannote = 	 {}
}

@Book{Agile,
  author = 	 {Martin, Robert C. and Newkirk, James W. and Koss, Robert S.},
  ALTeditor = 	 {},
  title = 	 {Agile Software Development},
  publisher = 	 {Prentice Hall},
  year = 	 {2003},
  OPTkey = 	 {},
  OPTvolume = 	 {},
  OPTnumber = 	 {},
  OPTseries = 	 {},
  OPTaddress = 	 {},
  OPTedition = 	 {},
  OPTmonth = 	 {},
  note = 	 {\href{http://www.objectmentor.com/resources/publishedArticles.html}{Class Design Principles at Author's Homepage}},
  OPTannote = 	 {}
}

@article{Liskov,
 author = {Liskov, Barbara},
 title = {Keynote address - data abstraction and hierarchy},
 journal = {SIGPLAN Not.},
 volume = {23},
 issue = {5},
 month = {January},
 year = {1987},
 issn = {0362-1340},
 pages = {17--34},
 numpages = {18},
 url = {http://doi.acm.org/10.1145/62139.62141},
 doi = {http://doi.acm.org/10.1145/62139.62141},
 acmid = {62141},
 publisher = {ACM},
 address = {New York, NY, USA},
} 

@Book{alexandrescu,
  author = 	 {Alexandrescu, Andrei},
  ALTeditor = 	 {},
  title = 	 {Modern C++ Design: Generic Programming and Design Patterns Applied},
  publisher = 	 {Addison-Wesley Professional},
  year = 	 {2001},
  OPTkey = 	 {},
  OPTvolume = 	 {},
  OPTnumber = 	 {},
  OPTseries = 	 {},
  OPTaddress = 	 {},
  OPTedition = 	 {},
  OPTmonth = 	 {},
  OPTnote = 	 {},
  OPTannote = 	 {}
}

@Unpublished{Stefan,
  author = 	 {Kluth, Stefan},
  title = 	 {Class Design Principles},
  note = 	 {\href{http://indico.desy.de/getFile.py/access?contribId=8&resId=0&materialId=slides&confId=3155}{Terascale Workshop on Advanced Methods of Software Development 2010}},
  OPTkey = 	 {},
  OPTmonth = 	 {},
  OPTyear = 	 {},
  OPTannote = 	 {}
}