
@techreport{ATLAS-CONF-2010-099,
      title        = "Calibrating the $b$-Tag and Mistag Efficiencies of the SV0
                      $b$-Tagging Algorithm in 3~pb$^{-1}$ of Data with the ATLAS
                      Detector",
      institution  = "CERN",
      address      = "Geneva",
      number       = "ATLAS-CONF-2010-099",
      month        = "Dec",
      year         = "2010",
}

@Manual{gug,
  title = 	 {Gaudi User Guide},
  OPTkey = 	 {},
  OPTauthor = 	 {},
  organization = {LHCb Collaboration},
  OPTaddress = 	 {},
  OPTedition = 	 {},
  OPTmonth = 	 {},
  OPTyear = 	 {},
  note = 	 {\href{http://cern.ch/prof-gaudi}{cern.ch/prof-gaudi}},
  OPTannote = 	 {}
}

